<record><leader>00000cas a22000007a 4500</leader><controlfield tag="001">15962854</controlfield><controlfield tag="008">870615d19191976mauwr ne      0   b0fre c</controlfield><datafield ind1=" " ind2=" " tag="010"><subfield code="a">sn 91000237 </subfield></datafield><datafield ind1=" " ind2=" " tag="040"><subfield code="a">KFS</subfield><subfield code="b">eng</subfield><subfield code="c">KFS</subfield><subfield code="d">NYS</subfield><subfield code="d">NSD</subfield><subfield code="d">MGN</subfield><subfield code="d">OCLCQ</subfield><subfield code="d">OCLCF</subfield><subfield code="d">OCLCO</subfield><subfield code="d">OCLCQ</subfield></datafield><datafield ind1="0" ind2=" " tag="022"><subfield code="a">1053-5160</subfield><subfield code="l">1053-5160</subfield><subfield code="2">1</subfield></datafield><datafield ind1="0" ind2=" " tag="041"><subfield code="a">fre</subfield><subfield code="a">eng</subfield></datafield><datafield ind1=" " ind2=" " tag="042"><subfield code="a">nsdp</subfield><subfield code="a">pcc</subfield></datafield><datafield ind1=" " ind2=" " tag="043"><subfield code="a">n-us---</subfield></datafield><datafield ind1="1" ind2="0" tag="082"><subfield code="a">071</subfield><subfield code="2">12</subfield></datafield><datafield ind1="0" ind2=" " tag="130"><subfield code="a">Liberte&#769; (Fitchburg, Mass.)</subfield></datafield><datafield ind1="0" ind2=" " tag="210"><subfield code="a">Liberte&#769;</subfield><subfield code="b">(Fitchbg. Mass.)</subfield></datafield><datafield ind1=" " ind2="3" tag="222"><subfield code="a">La liberte&#769;</subfield><subfield code="b">(Fitchburg, Mass.)</subfield></datafield><datafield ind1="1" ind2="3" tag="245"><subfield code="a">La liberte&#769;.</subfield></datafield><datafield ind1=" " ind2=" " tag="260"><subfield code="a">Fitchburg, Mass. :</subfield><subfield code="b">La Liberte&#769; [Pub. Co.]</subfield></datafield><datafield ind1=" " ind2=" " tag="300"><subfield code="a">volumes :</subfield><subfield code="b">illustrations ;</subfield><subfield code="c">58 cm</subfield></datafield><datafield ind1=" " ind2=" " tag="310"><subfield code="a">Weekly</subfield></datafield><datafield ind1=" " ind2=" " tag="336"><subfield code="a">text</subfield><subfield code="b">txt</subfield><subfield code="2">rdacontent</subfield></datafield><datafield ind1=" " ind2=" " tag="337"><subfield code="a">unmediated</subfield><subfield code="b">n</subfield><subfield code="2">rdamedia</subfield></datafield><datafield ind1=" " ind2=" " tag="338"><subfield code="a">volume</subfield><subfield code="b">nc</subfield><subfield code="2">rdacarrier</subfield></datafield><datafield ind1="1" ind2=" " tag="362"><subfield code="a">Began in 1919; ceased in 1976?</subfield></datafield><datafield ind1=" " ind2=" " tag="500"><subfield code="a">Published as: National ed., &lt;1970-&gt;</subfield></datafield><datafield ind1=" " ind2=" " tag="500"><subfield code="a">Publisher: Jerome R. Rand, &lt;1970-1976&gt;</subfield></datafield><datafield ind1=" " ind2=" " tag="500"><subfield code="a">Also dated Leominster and Gardner, Mass. in masthead.</subfield></datafield><datafield ind1=" " ind2=" " tag="546"><subfield code="a">In French and English.</subfield></datafield><datafield ind1=" " ind2=" " tag="588"><subfield code="a">Description based on: 7. annee&#769;, no 43 (11 mars 1927).</subfield></datafield><datafield ind1=" " ind2="0" tag="650"><subfield code="a">French-Canadians</subfield><subfield code="z">United States</subfield><subfield code="v">Newspapers.</subfield></datafield><datafield ind1=" " ind2="0" tag="650"><subfield code="a">French</subfield><subfield code="z">United States</subfield><subfield code="v">Newspapers.</subfield></datafield><datafield ind1=" " ind2="0" tag="650"><subfield code="a">Conservatism</subfield><subfield code="z">United States</subfield><subfield code="v">Newspapers.</subfield></datafield><datafield ind1=" " ind2="7" tag="650"><subfield code="a">Conservatism.</subfield><subfield code="2">fast</subfield><subfield code="0">(OCoLC)fst00875582</subfield></datafield><datafield ind1=" " ind2="7" tag="650"><subfield code="a">French.</subfield><subfield code="2">fast</subfield><subfield code="0">(OCoLC)fst00934209</subfield></datafield><datafield ind1=" " ind2="7" tag="650"><subfield code="a">French-Canadians.</subfield><subfield code="2">fast</subfield><subfield code="0">(OCoLC)fst00934912</subfield></datafield><datafield ind1=" " ind2="7" tag="651"><subfield code="a">United States.</subfield><subfield code="2">fast</subfield><subfield code="0">(OCoLC)fst01204155</subfield></datafield><datafield ind1=" " ind2="7" tag="655"><subfield code="a">Newspapers.</subfield><subfield code="2">fast</subfield><subfield code="0">(OCoLC)fst01423814</subfield></datafield><datafield ind1=" " ind2=" " tag="752"><subfield code="a">United States</subfield><subfield code="b">Massachusetts</subfield><subfield code="c">Worcester</subfield><subfield code="d">Fitchburg.</subfield></datafield><datafield ind1=" " ind2=" " tag="752"><subfield code="a">United States</subfield><subfield code="b">Massachusetts</subfield><subfield code="c">Worcester</subfield><subfield code="d">Leominster.</subfield></datafield><datafield ind1=" " ind2=" " tag="752"><subfield code="a">United States</subfield><subfield code="b">Massachusetts</subfield><subfield code="c">Worcester</subfield><subfield code="d">Gardner.</subfield></datafield><datafield ind1="1" ind2=" " tag="029"><subfield code="a">AU@</subfield><subfield code="b">000025889211</subfield></datafield></record>